@Book{ott1988,
  author = 	 {Henry W. Ott},
  ALTeditor = 	 {},
  title = 	 {Noise reduction techniques in electronic systems},
  publisher = 	 {John Wiley \& Sons, Inc.},
  year = 	 {1988},
  OPTkey = 	 {},
  OPTvolume = 	 {},
  OPTnumber = 	 {},
  OPTseries = 	 {},
  OPTaddress = 	 {},
  edition = 	 {second},
  OPTmonth = 	 {},
  OPTnote = 	 {},
  OPTannote = 	 {}
}

